<?xml version="1.0" encoding="UTF-8"?><record xmlns="http://www.loc.gov/MARC21/slim" xmlns:cinclude="http://apache.org/cocoon/include/1.0" xmlns:zs="http://www.loc.gov/zing/srw/">
  <leader>00557cz  a2200157n  4500</leader>
  <controlfield tag="001">no 96017801 </controlfield>
  <controlfield tag="003">DLC</controlfield>
  <controlfield tag="005">20001108071223.0</controlfield>
  <controlfield tag="008">960408n| acannaabn          |a aaa     c</controlfield>
  <datafield tag="010" ind1=" " ind2=" ">
    <subfield code="a">no 96017801 </subfield>
  </datafield>
  <datafield tag="035" ind1=" " ind2=" ">
    <subfield code="a">(OCoLC)oca04051817</subfield>
  </datafield>
  <datafield tag="040" ind1=" " ind2=" ">
    <subfield code="a">NbOU</subfield>
    <subfield code="b">eng</subfield>
    <subfield code="c">NbOU</subfield>
    <subfield code="d">OCoLC</subfield>
  </datafield>
  <datafield tag="100" ind1="1" ind2=" ">
    <subfield code="a">Kamāl Shinwārī, Sayyid Ḥakīm</subfield>
  </datafield>
  <datafield tag="400" ind1="1" ind2=" ">
    <subfield code="a">Shinwārī, Sayyid Ḥakīm Kamāl</subfield>
  </datafield>
  <datafield tag="670" ind1=" " ind2=" ">
    <subfield code="a">Pah Islāmī fiqh kṣhe da ʻaqubat falsafah, 1968 :</subfield>
    <subfield code="b">t.p. (Sayyid Ḥakīm Kamāl Shinwārī)</subfield>
  </datafield>
  <datafield tag="670" ind1=" " ind2=" ">
    <subfield code="a">OCLC, 4/1/96</subfield>
    <subfield code="b">(hdg.: Kamāl Shinwārī, Sayyid Ḥakīm)</subfield>
  </datafield>
</record>